@article{russell2005ai,
  title={Ai a modern approach},
  author={Russell, Stuart and Norvig, Peter},
  journal={Learning},
  volume={2},
  number={3},
  pages={4},
  year={2005}
}
